@article{goda1979multistep,
	title={A multistep technique with implicit difference schemes for calculating two-or three-dimensional cavity flows},
	author={Goda, Katuhiko},
	journal={Journal of Computational Physics},
	volume={30},
	number={1},
	pages={76--95},
	year={1979},
	publisher={Elsevier}
}

@article{ben2005pure,
  title={A pure-compact scheme for the streamfunction formulation of Navier--Stokes equations},
  author={Ben-Artzi, Matania and Croisille, Jean-Pierre and Fishelov, Dalia and Trachtenberg, Shlomo},
  journal={Journal of Computational Physics},
  volume={205},
  number={2},
  pages={640--664},
  year={2005},
  publisher={Elsevier}
}

@article{gander2012euler,
  title={From Euler, Ritz, and Galerkin to modern computing},
  author={Gander, Martin J and Wanner, Gerhard},
  journal={Siam Review},
  volume={54},
  number={4},
  pages={627--666},
  year={2012},
  publisher={SIAM}
}

@book{gerya2009introduction,
  title={Introduction to numerical geodynamic modelling},
  author={Gerya, Taras},
  year={2009},
  publisher={Cambridge University Press}
}

@book{turcotte2014geodynamics,
  title={Geodynamics},
  author={Turcotte, Donald and Schubert, Gerald},
  year={2014},
  publisher={Cambridge University Press}
}